<record><leader>00000cas a22000007a 4500</leader><controlfield tag="001">20841963</controlfield><controlfield tag="008">900103c18879999mouwr ne      0    0eng d</controlfield><datafield ind1=" " ind2=" " tag="010"><subfield code="a">sn 89067684 </subfield></datafield><datafield ind1=" " ind2=" " tag="040"><subfield code="a">MQN</subfield><subfield code="b">eng</subfield><subfield code="c">MQN</subfield><subfield code="d">OCLCQ</subfield></datafield><datafield ind1=" " ind2=" " tag="042"><subfield code="a">msc</subfield></datafield><datafield ind1="0" ind2="0" tag="245"><subfield code="a">Humansville star-leader.</subfield></datafield><datafield ind1=" " ind2=" " tag="260"><subfield code="a">Humansville, Polk County, Mo. :</subfield><subfield code="b">Wm. G. Robertson</subfield></datafield><datafield ind1=" " ind2=" " tag="300"><subfield code="a">v.</subfield></datafield><datafield ind1=" " ind2=" " tag="310"><subfield code="a">Weekly</subfield></datafield><datafield ind1="1" ind2=" " tag="362"><subfield code="a">Began in 1887?</subfield></datafield><datafield ind1=" " ind2=" " tag="588"><subfield code="a">Description based on: Vol. 36, no. 29 (Jan. 3, 1913).</subfield></datafield><datafield ind1=" " ind2=" " tag="752"><subfield code="a">United States</subfield><subfield code="b">Missouri</subfield><subfield code="c">Polk</subfield><subfield code="d">Humansville.</subfield></datafield><datafield ind1="0" ind2="4" tag="780"><subfield code="t">Star (Humansville, Mo.)</subfield></datafield><datafield ind1="0" ind2="4" tag="780"><subfield code="t">Polk County leader (Bolivar, Mo.)</subfield></datafield></record>